3052 5040
485 325 596 374 monn
623 324 905 374 Aronoenmcus.
1173 301 1217 368 51

167 499 292 594 ginem
320 500 398 596 ejus
427 525 575 572 auream
597 502 637 571 in
659 501 795 595 templo
822 498 1042 583 collocarint,
1070 497 1220 568 rescissa
1271 519 1346 622 plag.

168 624 353 695 damnatio
389 625 638 697 testimonium
673 624 812 696 Socrati
845 623 1012 694 reddidit.
1079 620 1150 693 Sed
1183 608 1381 694 „4-

168 747 352 843 Diogenes
381 749 502 820 nesoio
532 749 622 841 quid
647 749 687 819 in
716 748 917 821 Herculem
948 747 1055 834 ludit,
1085 754 1123 819 et
1149 746 1220 818 Ro·

168 894 297 942 manus
325 871 483 966 Cynicus
509 871 628 944 Varro
654 880 833 945 trecentos
858 872 884 942 J
885 895 980 954 oves,
1010 870 1084 942 sive
1116 869 1141 940 J
1142 869 1221 963 upi-

168 1005 262 1068 teres
289 998 497 1084 dicendum,
522 999 600 1069 sine
627 998 807 1093 capitibus
834 997 1041 1068 introducit.

234 1121 325 1194 XV.
371 1120 509 1193 Cetera¹
543 1122 700 1194 lasciviae
733 1121 882 1217 ingenia
915 1121 1024 1192 etiam
1057 1118 1219 1213 volupta-
1231 1113 1332 1213 1¹33?

168 1249 266 1320 tibus
288 1249 415 1334 vestris
436 1272 501 1343 per
527 1249 679 1320 deorum
703 1248 859 1318 dedecus
881 1255 1085 1341 operantur.
1139 1214 1354 1362 Dis-{giffre-

168 1373 278 1466 picite
296 1373 538 1445 Lentulorum
555 1382 592 1444 et
609 1373 852 1444 Hostiliorum
864 1380 1083 1456 venustates,
1096 1379 1220 1440 utrum
1232 1364 1332 1404 mmm·

168 1497 297 1569 mimos
314 1522 361 1569 an
378 1499 464 1570 deos
484 1505 620 1570 vestros
637 1498 676 1568 in
694 1497 787 1593 jocis
807 1505 844 1568 et
864 1490 1032 1590 strephii
1052 1494 1218 1566 rideatis:

169 1621 351 1692 moechum
385 1621 563 1707 Anubim,
593 1627 630 1692 et
654 1619 857 1692 masculum
891 1618 1046 1705 Lunam,
1074 1627 1112 1689 et
1136 1617 1223 1689 Dia·

169 1767 254 1813 nam
277 1743 510 1838 flagellatam,
534 1753 571 1815 et
595 1743 620 1814 J
621 1743 697 1815 ovis
724 1744 859 1815 mortui
886 1752 1144 1815 testamentum
1170 1766 1223 1813 re·

170 1867 334 1953 citatum,
354 1875 391 1938 et
408 1877 482 1939 tres
499 1868 681 1939 Hercules
701 1866 886 1938 famelicos
910 1867 1045 1938 irrisos.
1099 1866 1170 1938 Sed
1188 1875 1225 1937 et

168 1990 387 2062 histrionum
410 1991 541 2063 litterae
566 2015 711 2062 omnem
733 1989 935 2062 foeditatem
956 2015 1083 2061 eorum
1109 1990 1225 2085 desig-

169 2124 269 2186 nant.
322 2114 443 2210 Luget
469 2115 530 2186 Sol
559 2115 676 2186 filium
698 2115 877 2210 jactatum
907 2115 953 2186 de
985 2114 1076 2186 coelo
1101 2114 1225 2217 laetan-

168 2238 267 2309 tibus
283 2238 396 2326 vobis,
410 2247 448 2309 et
462 2226 597 2334 Cybele
609 2247 791 2333 pastorem
805 2236 972 2333 suspirat³
985 2237 1223 2323 fastidiosum,

168 2386 242 2433 non
255 2363 550 2434 erubescentibus
567 2363 677 2434 vobis.
730 2363 780 2433 Et
792 2363 976 2434 sustinetis
993 2361 1018 2432 J
1019 2362 1094 2434 ovis
1106 2361 1226 2456 elogia

169 2486 318 2573 cantari,
347 2495 385 2558 et
410 2486 435 2556 J
437 2510 607 2572 unonem,
637 2485 833 2572 Venerem,
864 2486 1072 2556 Minervam
1100 2509 1122 2556 a
1148 2509 1226 2579 pas-

170 2618 247 2680 tore
269 2609 436 2705 judicari.
490 2608 603 2695 Quid,
634 2609 732 2700 quod
759 2608 880 2704 imago
907 2609 966 2680 dei
989 2609 1100 2682 vestri
1125 2609 1226 2705 igno-

169 2733 364 2805 miniosum
396 2744 506 2829 caput
533 2743 570 2805 et
595 2732 775 2804 famosum
800 2733 933 2805 vestiti
969 2734 1068 2824 quod
1097 2757 1227 2828 corpus

216 2974 276 3026 XV.
309 2975 316 3003 ¹
341 2975 421 3028 “The
448 2975 525 3028 other
548 2975 670 3045 ingenui-
722 2975 1029 3043 toteanecstropircesed
1039 2973 1226 3043 simplicitates

169 3059 220 3113 ties
244 3059 275 3112 oi
303 3060 401 3130 luxury
429 3060 503 3114 work
530 3068 578 3114 out
603 3077 672 3130 your
722 3059 840 3130 dispicite
864 3077 955 3112 means
976 3059 1124 3112 examinate
1146 3079 1175 3114 as
1200 3060 1228 3113 in

170 3145 291 3214 pleasure
312 3145 349 3215 by
370 3162 462 3198 means
478 3145 512 3198 of
529 3146 575 3198 the
596 3145 672 3216 igno-
723 3166 744 3200 c.
760 3149 784 3199 1.

170 3230 243 3300 miny
256 3229 287 3282 of
297 3230 344 3283 the
356 3230 424 3300 gods
433 3230 459 3283 :”
477 3231 590 3285 bseioiae
603 3231 674 3299 inpe-
770 3233 779 3260 ⁸
797 3232 923 3302 Suspirat
930 3238 1077 3299 praeterera.
1115 3235 1154 3288 As
1166 3236 1183 3289 J
1185 3254 1228 3290 uv.

170 3316 216 3370 nia
232 3315 287 3370 like
302 3316 407 3386 inperiis
425 3316 530 3370 deeorm
550 3317 583 3370 de
600 3317 672 3370 Hah.
724 3321 841 3372 x1.152.

169 3402 239 3456 Mul·
264 3421 286 3456 0·
310 3405 333 3456 2·
383 3403 513 3472 00mpal‘e
536 3402 674 3457 Amoblus
749 3422 847 3472 Suspirat
867 3423 930 3472 longo
952 3434 996 3462 non
1011 3424 1081 3463 wiosm
1102 3427 1196 3474 tempore

170 3503 208 3542 1v.
228 3491 253 3542 2.
277 3488 442 3558 ingeniorum
467 3488 586 3542 lascivire
610 3489 675 3542 ineu
773 3494 872 3536 matrem,

170 3575 224 3628 and
239 3587 279 3629 VI.
296 3577 337 3627 13.
356 3575 385 3628 in
401 3576 508 3628 deorum
524 3575 676 3645 corporibus
724 3571 830 3642 though
851 3571 897 3626 the
917 3571 1072 3642 expression
1093 3572 1116 3626 is
1136 3574 1230 3629 earlier

170 3659 282 3714 bscioice
306 3660 441 3731 artpteum
467 3660 569 3713 ludunt.
618 3660 675 3712 The
724 3658 791 3711 than
803 3658 845 3711 his
860 3658 930 3722 date,
948 3658 1002 3712 and
1016 3657 1048 3711 of
1062 3657 1113 3712 fair
1127 3669 1229 3730 repute.

170 3762 242 3798 same
263 3744 352 3798 writer
374 3745 548 3815 paraphrases
573 3745 676 3799 Tertul-
726 3744 777 3798 See
795 3745 892 3816 Heyne
911 3743 1036 3799 obsnio
1054 3745 1152 3800 [tibull.
1171 3760 1191 3800 1.
1204 3751 1230 3813 6,

170 3829 226 3882 lien
242 3831 322 3883 thus:
341 3849 426 3884 nonne
444 3831 570 3884 amano
587 3832 676 3901 volup·
726 3833 768 3884 36.
806 3830 833 3884 It
849 3849 940 3885 occurs
953 3831 987 3884 de
999 3831 1072 3884 Hab.
1084 3832 1154 3886 Mul.
1168 3852 1190 3887 c.
1204 3839 1228 3888 2.

171 3922 256 3970 tetum
274 3935 306 3971 ex
324 3917 485 3970 contumeliis
509 3918 621 3971 attrahit
638 3918 676 3970 di·
726 3917 781 3970 and
798 3918 832 3970 de
851 3917 921 3971 cols
939 3917 1022 3971 Faem.
1041 3935 1063 3971 c.
1080 3921 1105 3971 6.
1141 3921 1230 3974 Arno·

173 4003 249 4058 vinis.
725 4001 787 4055 hius
794 4004 847 4070 (Iv.
857 4004 903 4069 20)
918 4019 978 4055 uses
993 4001 1128 4071 suspirare
1142 4003 1171 4056 irs
1183 4004 1231 4056 aii-

218 4090 228 4118 ²
246 4089 375 4160 Strophio.
404 4088 516 4144 Hieron.
533 4089 593 4143 adv.
610 4089 676 4142 Rus.
726 4087 798 4157 quid,
812 4087 866 4140 and
878 4087 998 4140 Catullus
1010 4090 1101 4156 (lxlv.
1112 4090 1159 4157 98)
1170 4089 1230 4143 who

174 4189 206 4228 11.
262 4175 348 4236 Quasi
370 4175 481 4229 mimum
508 4175 678 4228 Philistionis
726 4172 749 4226 is
762 4172 935 4242 followedby
949 4171 1020 4225 Ovid
1034 4173 1119 4241 (Fast.
1133 4187 1153 4229 1.
1166 4175 1231 4242 417)

171 4261 213 4313 vei
229 4260 340 4314 Leotaii
356 4279 388 4314 ae
407 4261 525 4314 Marulli
542 4261 677 4330 stropham
727 4260 862 4330 suspirare
872 4259 901 4313 irs
913 4259 1009 4329 atiquo.
1037 4259 1129 4331 Comp.
1143 4261 1230 4316 Kritz.

173 4346 286 4416 eieqaati
304 4365 421 4400 sermone
444 4349 589 4418 comiciam.
634 4346 677 4399 De
727 4346 762 4399 ad
776 4344 840 4399 Sall.
854 4344 931 4398 Catil
945 4359 986 4399 Ix.
1001 4348 1026 4399 2.
1054 4345 1088 4398 In
1103 4346 1232 4402 asimiler

173 4431 261 4502 Spect.
272 4449 294 4486 e.
309 4435 356 4499 29;
374 4432 538 4503 sessolicio,
555 4433 602 4485 sed
612 4431 678 4485 ceri·
727 4449 840 4485 manner
847 4432 940 4484 ardere
948 4431 976 4484 iri
983 4431 1006 4486 is
1014 4431 1138 4487 followed
1146 4434 1232 4488 either

1026 4526 1080 4589 E2
